@inproceedings{Hertzog:2015:BSP:2678025.2701383,
 author = {Hertzog, Patrick},
 title = {Binary Space Partitioning Layouts To Help Build Better Information Dashboards},
 booktitle = {Proceedings of the 20th International Conference on Intelligent User Interfaces},
 series = {IUI '15},
 year = {2015},
 isbn = {978-1-4503-3306-1},
 location = {Atlanta, Georgia, USA},
 pages = {138--147},
 numpages = {10},
 url = {http://doi.acm.org/10.1145/2678025.2701383},
 doi = {10.1145/2678025.2701383},
 acmid = {2701383},
 publisher = {ACM},
 address = {New York, NY, USA},
 keywords = {binary space partitioning, binary tree, constraints generation, constraints solving, information dashboards, layout manager, qpsolver, quadratic optimization},
}

@inproceedings{Jones:2015:ECI:2800835.2800963,
 author = {Jones, Simon L.},
 title = {Exploring Correlational Information in Aggregated Quantified Self Data Dashboards},
 booktitle = {Adjunct Proceedings of the 2015 ACM International Joint Conference on Pervasive and Ubiquitous Computing and Proceedings of the 2015 ACM International Symposium on Wearable Computers},
 series = {UbiComp/ISWC'15 Adjunct},
 year = {2015},
 isbn = {978-1-4503-3575-1},
 location = {Osaka, Japan},
 pages = {1075--1080},
 numpages = {6},
 url = {http://doi.acm.org/10.1145/2800835.2800963},
 doi = {10.1145/2800835.2800963},
 acmid = {2800963},
 publisher = {ACM},
 address = {New York, NY, USA},
 keywords = {correlation analysis, data aggregation, data dashboards, mashups, quantified self, self tracking},
}

@book{few2005,
  author = {Stephen Few},
  title = {Information Dashboard Design: The Effective Visual Communication Of Data},
  year = {2005},
  publisher = {Oreilly},
}

@article{goto2012,
author="後藤 真孝",
title="WISS 2010とWISS 2011での改革",
journal="コンピュータソフトウェア",
ISSN="02896540",
publisher="Japan Society for Software Science and Technology",
year="2012",
month="oct",
volume="29",
number="4",
pages="3-8",
URL="http://ci.nii.ac.jp/naid/10031077879/",
DOI="10.11309/jssst.29.4_3",
}

@article{nishida2011,
  title={On-Air Forum: リアルタイムコンテンツ視聴中のコミュニケーション支援システムの設計とその実証実験},
  author={西田 健志 and 栗原 一貴 and 後藤 真孝},
  journal={コンピュータ ソフトウェア},
  volume={28},
  number={2},
  pages={2 183-2 192},
  year={2011},
  doi={10.11309/jssst.28.2 183},
}

@article{nishida2006,
author="西田 健志 and 五十嵐 健夫",
title="Lock-on-Chat : 複数の話題に分散した会話を促進するチャットシステム",
journal="コンピュータソフトウェア",
ISSN="02896540",
publisher="一般社団法人日本ソフトウェア科学会",
year="2006",
month="oct",
volume="23",
number="4",
pages="69-75",
URL="http://ci.nii.ac.jp/naid/110004837726/",
DOI="10.11309/jssst.23.4_69",
}

@book{kurihara2016,
  title={消極性デザイン宣言 -- 消極的な人よ、声を上げよ。……いや、上げなくてよい。},
  author = {栗原 一貴 and 西田 健志 and 濱崎 雅弘 and 簗瀬 洋平 and 渡邊 恵太},
  year={2016},
  publisher={ビー・エヌ・エヌ新社},
  isbn={4802510306}
}

@book{few,
  title={Information Dashboard Design: Displaying data for at-a-glance monitoring},
  author = {Stephen Few},
  year={2013},
  publisher={Analytics Pr;},
  isbn={1938377001}
}

@article{wiss_challenge,
author="綾塚 祐二 and 河口 信夫",
title="参加者が作る会議支援システム : WISS Challenge(特集:インタラクティブソフトウェア)",
journal="コンピュータソフトウェア",
ISSN="02896540",
publisher="一般社団法人日本ソフトウェア科学会",
year="2006",
month="oct",
volume="23",
number="4",
pages="76-81",
URL="http://ci.nii.ac.jp/naid/110004837727/",
DOI="10.11309/jssst.23.4_76",
}

@inproceedings{shokai_furnitue,
 author = {Hashimoto, Sho and Masui, Toshiyuki},
 title = {The Furniture of Ubiquitous Computing},
 booktitle = {Proceedings of the 2013 ACM Conference on Pervasive and Ubiquitous Computing Adjunct Publication},
 series = {UbiComp '13 Adjunct},
 year = {2013},
 isbn = {978-1-4503-2215-7},
 location = {Zurich, Switzerland},
 pages = {845--852},
 numpages = {8},
 url = {http://doi.acm.org/10.1145/2494091.2497326},
 doi = {10.1145/2494091.2497326},
 acmid = {2497326},
 publisher = {ACM},
 address = {New York, NY, USA},
 keywords = {goldfish, linda, real-world gui, ubiquitous computing}
}

@article{Carriero:1989:LC:63334.63337,
 author = {Carriero, Nicholas and Gelernter, David},
 title = {Linda in Context},
 journal = {Commun. ACM},
 issue_date = {April 1989},
 volume = {32},
 number = {4},
 month = apr,
 year = {1989},
 issn = {0001-0782},
 pages = {444--458},
 numpages = {15},
 url = {http://doi.acm.org/10.1145/63334.63337},
 doi = {10.1145/63334.63337},
 acmid = {63337},
 publisher = {ACM},
 address = {New York, NY, USA},
}

