@InProceedings{aoki1999,
  author = 	 {Hisashi Aoki and Bernt Schiele and Alex Pentland},
  title = 	 {Realtime Personal Positioning System for Wearable Computers},
  booktitle = {Proceedings of the 3rd IEEE International Symposium on Wearable Computers},
  pages = 	 {37-43},
  year = 	 {1999}
}

@Misc{wiss,
  title = 	 {WISSホームページ},
  howpublished = {http://www.wiss.org/},
}

@InProceedings{rekimoto2000,
  author = 	 {暦本 純一},
  title = 	 {まえがき：WISS2000について},
  booktitle = {インタラクティブシステムとソフトウェアVIII},
  pages = 	 {i-ii},
  year = 	 {2000},
  publisher = {近代科学社}
}

