@inproceedings{Hertzog:2015:BSP:2678025.2701383,
 author = {Hertzog, Patrick},
 title = {Binary Space Partitioning Layouts To Help Build Better Information Dashboards},
 booktitle = {Proceedings of the 20th International Conference on Intelligent User Interfaces},
 series = {IUI '15},
 year = {2015},
 isbn = {978-1-4503-3306-1},
 location = {Atlanta, Georgia, USA},
 pages = {138--147},
 numpages = {10},
 url = {http://doi.acm.org/10.1145/2678025.2701383},
 doi = {10.1145/2678025.2701383},
 acmid = {2701383},
 publisher = {ACM},
 address = {New York, NY, USA},
 keywords = {binary space partitioning, binary tree, constraints generation, constraints solving, information dashboards, layout manager, qpsolver, quadratic optimization},
}

@inproceedings{Jones:2015:ECI:2800835.2800963,
 author = {Jones, Simon L.},
 title = {Exploring Correlational Information in Aggregated Quantified Self Data Dashboards},
 booktitle = {Adjunct Proceedings of the 2015 ACM International Joint Conference on Pervasive and Ubiquitous Computing and Proceedings of the 2015 ACM International Symposium on Wearable Computers},
 series = {UbiComp/ISWC'15 Adjunct},
 year = {2015},
 isbn = {978-1-4503-3575-1},
 location = {Osaka, Japan},
 pages = {1075--1080},
 numpages = {6},
 url = {http://doi.acm.org/10.1145/2800835.2800963},
 doi = {10.1145/2800835.2800963},
 acmid = {2800963},
 publisher = {ACM},
 address = {New York, NY, USA},
 keywords = {correlation analysis, data aggregation, data dashboards, mashups, quantified self, self tracking},
}

@book{few2005,
  author = {Stephen Few},
  title = {Information Dashboard Design: The Effective Visual Communication Of Data},
  year = {2005},
  publisher = {Oreilly},
}